@inproceedings{Baumbaugh:2016vcg,
      author         = "Baumbaugh, B. and others",
      title          = "{Studies of wavelength-shifting liquid filled quartz
                        capillaries for use in a proposed CMS calorimeter}",
      booktitle      = "{Proceedings, 2015 IEEE Nuclear Science Symposium and
                        Medical Imaging Conference (NSS/MIC 2015): San Diego,
                        California, United States}",
      year           = "2016",
      pages          = "7581951",
      doi            = "10.1109/NSSMIC.2015.7581951",
      SLACcitation   = "%%CITATION = INSPIRE-1498894;%%"
}

@article{Anderson:2015gha,
      author         = "Anderson, D. and Apresyan, A. and Bornheim, A. and
                        Duarte, J. and Pena, C. and Ronzhin, A. and Spiropulu, M.
                        and Trevor, J. and Xie, S.",
      title          = "{On Timing Properties of LYSO-Based Calorimeters}",
      journal        = "Nucl. Instrum. Meth. A",
      volume         = "794",
      year           = "2015",
      pages          = "7-14",
      doi            = "10.1016/j.nima.2015.04.013",
      reportNumber   = "FERMILAB-PUB-15-243-PPD",
      SLACcitation   = "%%CITATION = NUIMA,A794,7;%%"
}

@article{hamamatsuMPPC,
  note = "\url{http://www.hamamatsu.com/resources/pdf/ssd/mppc_kapd0004e.pdf}"
 }

@article{shashlik1,
      author         = "Li, Hengne",
      title          = "{Longevity of the CMS ECAL and Scintillator-Based Options
                        for Electromagnetic Calorimetry at HL-LHC}",
      booktitle      = "{Proceedings, 13th International Conference on Inorganic
                        Scintillators and Their Applications (SCINT 2015):
                        Berkeley, California, USA, June 7-12, 2015}",
      journal        = "IEEE Trans. Nucl. Sci.",
      volume         = "63",
      year           = "2016",
      number         = "2",
      pages          = "580-585",
      doi            = "10.1109/TNS.2016.2524622",
      SLACcitation   = "%%CITATION = IETNA,63,580;%%"
}

@ARTICLE{shashlik2, 
      author={L. Zhang and R. Mao and F. Yang and R. Y. Zhu}, 
      journal={IEEE Trans. Nucl. Sci.}, 
      title={LSO/LYSO Crystals for Calorimeters in Future HEP Experiments}, 
      year={2014}, 
      volume={61}, 
      number={1}, 
      pages={483-488}, 
      doi={10.1109/TNS.2013.2279993}, 
      ISSN={0018-9499}, 
      month={Feb},
}


@ARTICLE{adielba,
  TITLE = "{On the Usage of Precision Timing Detectors in High Rate and High Pileup Environments}",
  AUTHOR = {A. Bornheim},
  YEAR = {2016}, 
  JOURNAL = "PoS(Vertex2016)044",
}

@ARTICLE{4dtracking,
  TITLE = "{LHCb paper}",
  AUTHOR = {},
  YEAR = {2016}, 
  PUBLISHER = {},
}

@ARTICLE{lappd,
  TITLE = "{generic LAPPD paper}",
  AUTHOR = {},
  YEAR = {2016}, 
  PUBLISHER = {},
}

@ARTICLE{otpc,
  TITLE = "{Optical TPC}",
  AUTHOR = {M.Wetstein},
  YEAR = {2016}, 
  PUBLISHER = {},
}

@article{SiPMIrradiated1,
      author         = "A. Heering, and others",
      title          = "{Effects of very high radiation on SIPMs}",
      journal        = "Nucl. Instrum. Meth.",
      volume         = "A824",
      year           = "2016",
      pages          = "111-114",
      doi            = "10.1016/j.nima.2015.11.037",
}

@article{SiPMIrradiated2,
      author         = "Y. Musienko, and others",
      title          = "{Radiation damage studies of silicon photomultipliers for the CMS HCAL phase I upgrade}",
      journal        = "Nucl. Instrum. Meth.",
      volume         = "A787",
      year           = "2015",
      pages          = "319-322",
      doi            = "10.1016/j.nima.2015.01.012",
}

@article{DRS4,
  author = "S. Ritt and R. Dinapoli and U. Hartmann", 
  title = "{Application of the DRS chip for fast waveform digitizing}", 
  journal="{NIM {\bf A} 623 (2010) 486-488}"
  }

@article{MCPShowerMaxPaper,
      author         = "Ronzhin, A. and Los, S. and Ramberg, E. and Apresyan, A.
                        and Xie, S. and Spiropulu, M. and Kim, H.",
      title          = "{Study of the timing performance of micro channel plate photomultiplier for use as an active
layer in shower maximum detector}",
      journal        = "Nucl. Instrum. Meth.",
      volume         = "795",
      year           = "2015",
      pages          = "288-292",
      doi            = "10.1016/j.nima.2015.06.006",
      reportNumber   = "FERMILAB-PUB-15-XXX-PPD",
      SLACcitation   = "%%CITATION = NUIMA,A795,288;%%"
}

